<?xml version="1.0" encoding="UTF-8"?><collection xmlns="http://www.loc.gov/MARC21/slim"><record><leader>00345nam--2200121-i-4500</leader><controlfield tag="001">000022139</controlfield><controlfield tag="002">20161230</controlfield><controlfield tag="005">20161230201034</controlfield><controlfield tag="008">060222s1000------------r-----000-0-eng-d</controlfield><datafield ind1=" " ind2=" " tag="100"><subfield code="a">Haspas Kurt</subfield></datafield><datafield ind1=" " ind2=" " tag="245"><subfield code="a">Zur methodisch-experimentellen behandlung der atomphysik</subfield></datafield><datafield ind1=" " ind2=" " tag="260"><subfield code="a">Berlin, Volk Und Wissen Volk Seigener Verlag, 1962. 124 P</subfield></datafield><datafield ind1=" " ind2=" " tag="852"><subfield code="a">8626</subfield></datafield></record></collection>